<record><leader>00000cas a22000007a 4500</leader><controlfield tag="001">20574025</controlfield><controlfield tag="008">891031d193u1946pauwr ne      0    0eng d</controlfield><datafield ind1=" " ind2=" " tag="010"><subfield code="a">sn 89077328 </subfield></datafield><datafield ind1=" " ind2=" " tag="040"><subfield code="a">NPH</subfield><subfield code="b">eng</subfield><subfield code="c">NPH</subfield><subfield code="d">OCLCQ</subfield></datafield><datafield ind1=" " ind2=" " tag="042"><subfield code="a">msc</subfield></datafield><datafield ind1="0" ind2="0" tag="245"><subfield code="a">Bucks County farm and home.</subfield></datafield><datafield ind1="1" ind2="7" tag="246"><subfield code="a">Farm and home</subfield></datafield><datafield ind1="3" ind2="0" tag="246"><subfield code="a">Bucks Countian and farm and home</subfield></datafield><datafield ind1=" " ind2=" " tag="260"><subfield code="a">Doylestown, Pa. :</subfield><subfield code="b">Universal Free Press</subfield></datafield><datafield ind1=" " ind2=" " tag="300"><subfield code="a">v. :</subfield><subfield code="b">ill. ;</subfield><subfield code="c">45 cm.</subfield></datafield><datafield ind1=" " ind2=" " tag="310"><subfield code="a">Weekly,</subfield><subfield code="b">&lt;1945-</subfield></datafield><datafield ind1=" " ind2=" " tag="321"><subfield code="a">Bimonthly,</subfield><subfield code="b">&lt;1943-1945&gt;</subfield></datafield><datafield ind1="0" ind2=" " tag="362"><subfield code="a">-tenth yr., no. 36 (Feb. 26, 1946).</subfield></datafield><datafield ind1=" " ind2=" " tag="500"><subfield code="a">Variant title: Bucks Countian and farm and home, &lt;June 16, 1943&gt;.</subfield></datafield><datafield ind1=" " ind2=" " tag="588"><subfield code="a">Description based on: Vol. 9, no. 2 (Apr. 21, 1943).</subfield></datafield><datafield ind1=" " ind2=" " tag="752"><subfield code="a">United States</subfield><subfield code="b">Pennsylvania</subfield><subfield code="c">Bucks</subfield><subfield code="d">Doylestown.</subfield></datafield><datafield ind1="0" ind2="0" tag="785"><subfield code="t">Bucks Countian farm and home examiner</subfield><subfield code="w">(DLC)sn 89077329</subfield></datafield><datafield ind1="1" ind2=" " tag="029"><subfield code="a">AU@</subfield><subfield code="b">000025880506</subfield></datafield></record>